<?xml version='1.0' encoding='UTF-8'?>
<record xmlns="http://www.loc.gov/MARC21/slim">
  <leader>00704nam a22002057  4500</leader>
  <controlfield tag="001">4091412</controlfield>
  <controlfield tag="003">NjP</controlfield>
  <controlfield tag="005">20040113090113.0</controlfield>
  <controlfield tag="008">931101s1968    iq       b    000 0 arard</controlfield>
  <datafield tag="024" ind1="7" ind2=" ">
    <subfield code="a">princeton_aco002602</subfield>
    <subfield code="2">local</subfield>
  </datafield>
  <datafield ind1=" " ind2=" " tag="035">
    <subfield code="a">(MH)MHBHL54053HU</subfield>
  </datafield>
  <datafield ind1=" " ind2=" " tag="035">
    <subfield code="a">(OCoLC)29232530</subfield>
  </datafield>
  <datafield ind1=" " ind2=" " tag="035">
    <subfield code="a">(CStRLIN)MAHGBHL54053-B</subfield>
  </datafield>
  <datafield ind1=" " ind2=" " tag="040">
    <subfield code="a">CU</subfield>
    <subfield code="c">CU</subfield>
    <subfield code="d">MH</subfield>
    <subfield code="d">CStRLIN</subfield>
    <subfield code="d">NjP</subfield>
  </datafield>
  <datafield ind1=" " ind2="4" tag="050">
    <subfield code="a">DT393.A12</subfield>
    <subfield code="b">A7</subfield>
  </datafield>
  <datafield ind1="1" ind2=" " tag="100">
    <subfield code="a">Asʻad, Rashīd Jabr.</subfield>
  </datafield>
  <datafield ind1="1" ind2="0" tag="245">
    <subfield code="a">Thabat al-maṣādir al-ʻArabīyah ʻan al-qaḍīyah al-Arītirīyah /</subfield>
    <subfield code="c">taʾlīf Rashīd Jabr al-Asʻad.</subfield>
  </datafield>
  <datafield ind1=" " ind2=" " tag="250">
    <subfield code="a">al-Ṭabʻah 1.</subfield>
  </datafield>
  <datafield ind1=" " ind2=" " tag="260">
    <subfield code="a">Baghdād :</subfield>
    <subfield code="b">Maṭbaʻat al-Azhar,</subfield>
    <subfield code="c">1968.</subfield>
  </datafield>
  <datafield ind1=" " ind2=" " tag="300">
    <subfield code="a">30 p. ;</subfield>
    <subfield code="c">22 cm.</subfield>
  </datafield>
  <datafield ind1=" " ind2="0" tag="651">
    <subfield code="a">Eritrea</subfield>
    <subfield code="x">Politics and government</subfield>
    <subfield code="v">Bibliography.</subfield>
  </datafield>
  <datafield ind1=" " ind2=" " tag="902">
    <subfield code="a">jab</subfield>
    <subfield code="b">r</subfield>
    <subfield code="6">a</subfield>
    <subfield code="7">m</subfield>
    <subfield code="d">v</subfield>
    <subfield code="f">0</subfield>
    <subfield code="e">20040113</subfield>
  </datafield>
  <datafield ind1="0" ind2=" " tag="852">
    <subfield code="0">4372258</subfield>
    <subfield code="b">nec</subfield>
    <subfield code="h">DT393.A12</subfield>
    <subfield code="i">A7 1968</subfield>
  </datafield>
  <datafield ind1=" " ind2=" " tag="959">
    <subfield code="a">2011-01-20 10:53:40 -0500</subfield>
  </datafield>
</record>
